2566 3951
668 431 1291 491 MAGISTRATVVM
1363 432 1853 479 ROMANORVM.
2072 434 2138 498 23

385 542 532 597 facile
550 542 847 614 intelligitur,
872 544 1143 614 legitimum
1165 546 1423 598 praeturae
1443 556 1626 615 annum
1655 546 1875 598 habitum
1899 543 2134 613 eflexqua-

385 619 715 674 dracefimum.
788 621 1083 689 Atquehoe
1097 637 1230 672 anno
1253 615 1439 674 Cicero
1461 624 1666 673 Praetor
1674 622 2051 690 {designatusest
2073 608 2132 684 b)

289 726 296 731 ,
371 697 547 767 Itaque
571 714 676 750 non
698 695 988 750 audiendus·
1004 713 1068 768 ¹⁴.¹
1088 713 1116 748 ι»
1134 712 1157 749 s
1178 712 1248 751 1v
1265 702 1312 765 ε’,
1353 698 1524 765 quiex
1549 698 1674 750 male
1696 697 1945 750 intelleelo
1978 714 2012 751 n
2033 715 2047 749 1
2066 703 2128 771 οξ·

363 791 423 842 vN
442 792 457 825 1
474 791 500 826 s
522 773 707 839 loco⁶>
735 791 917 827 annum
938 776 1103 829 XXX.
1126 775 1387 827 Praeturae
1410 773 1635 827 adseruit.
1672 774 1825 843 Apud
1848 791 1883 826 D
1902 791 1915 824 1
1934 792 1966 826 o
1983 793 2020 825 N
2038 792 2066 826 E
2082 792 2124 836 M

377 851 580 920 quidem
602 851 721 902 haee
739 851 990 919 leguntur:
1012 849 1392 916 ,Ταμιευσ-αντες
1412 844 1573 915 Bam.)
1602 844 2078 921 οἷγορανομησαντες,
2100 842 2128 917 ἧ

376 921 739 995 ὃημαγεσαντες
756 925 1155 997 ςρατηγειτωσαν
1184 942 1551 997 τριακοντουται
1572 942 1816 994 γινομενοι.
1906 927 1978 979 At
2006 926 2127 978 haee

356 997 443 1056 vibi
467 1019 574 1055 non
594 1016 862 1069 narrantur,
885 1015 941 1055 vt
963 1002 1028 1053 de
1048 1017 1171 1053 vero
1198 1017 1345 1054 more
1367 1018 1423 1054 ac
1445 1003 1668 1055 instituto
1689 1003 1741 1054 in
1759 1003 2006 1071 republica
2027 1005 2126 1059 Ro-

373 1096 532 1151 mana,
555 1078 638 1132 sed
658 1074 811 1142 verba
821 1079 931 1131 sunt
952 1077 1202 1146 Agrippae
1236 1074 1542 1131 adhortantis
1578 1079 1852 1146 Augustum
1890 1094 1940 1130 et
1980 1078 2124 1147 figni-

375 1156 587 1222 ficantiS,
613 1155 878 1224 quomodo
897 1155 1169 1226 prudenter
1185 1154 1485 1210 moderanda
1516 1154 1572 1208 fit
1591 1155 1874 1224 respublica,
1911 1172 1963 1209 et
1998 1175 2123 1223 quae

365 1231 506 1303 'noua
526 1233 740 1286 instituta
768 1233 813 1285 ei
834 1231 1148 1296 conueniant,
1177 1231 1232 1284 in
1255 1233 1432 1301 quibus
1455 1233 1599 1286 etiam
1621 1233 1724 1285 hoc
1740 1234 1903 1302 ponit,
1917 1249 1978 1285 vt
1987 1235 2123 1285 Prae-

373 1328 511 1365 tores
530 1310 650 1363 fiant
670 1310 941 1375 tricenarii,
976 1309 1135 1362 funffl
1159 1324 1298 1362 antoe
1321 1310 1589 1381 Qaestura
1603 1350 1621 1375 ‚
1656 1326 1707 1362 et
1732 1310 1998 1362 Aedilitate
2023 1350 2039 1375 ,
2060 1304 2124 1363 'et

372 1389 669 1459 Tribunatu.
720 1389 840 1439 Hoc
854 1402 1027 1451 ‚autem
1051 1384 1303 1441 confilium
1324 1388 1428 1441 vim
1448 1387 1566 1456 legis
1585 1389 1778 1442 Romae
1803 1404 2017 1456 vnquam
2041 1393 2125 1443 ac-

369 1464 570 1537 cepiffe,
601 1463 771 1519 nullibi
795 1464 1026 1536 reperies
1102 1504 1107 1511 .
1861 1490 1866 1492 ·
2090 1459 2097 1468 ‘

823 1592 828 1597 ’
1102 1577 1113 1591 “
1130 1572 1184 1654 §.
1259 1581 1311 1632 X
1325 1579 1358 1631 I.

627 1722 631 1738 ,-
757 1715 763 1719 ,
1019 1681 1155 1739 Aetas
1192 1664 1446 1736 Coificlaris.

521 1754 705 1813 Iam'ad
717 1755 968 1815 honorum
989 1756 1237 1828 fastigium.
1250 1759 1581 1829 peruenimUS,
1592 1759 1644 1813 in
1658 1774 1761 1828 quo
1776 1759 1956 1814 summa
1967 1759 2123 1830 digni-

366 1852 437 1891 tas
458 1855 514 1890 ac
537 1837 751 1890 maiestas
776 1835 930 1905 polita
951 1852 1068 1900 erat,
1089 1835 1431 1903 Consulatum,
1449 1837 1537 1906 qui
1559 1856 1664 1889 non
1687 1837 1774 1889 nifi
1795 1839 1911 1891 viris
1939 1839 2118 1909 spetia-

369 1931 446 1968 tae
467 1915 660 1967 virtutis
682 1928 734 1966 et
759 1914 1064 1980 reliquorum
1092 1914 1449 1980 magistratuum
1470 1914 1732 1967 funfflone
1757 1916 1912 1980 clariS,
1937 1917 2119 1985 quibus

366 1991 593 2060 gerendis
617 2007 669 2042 et
690 2007 924 2045 auxerant
955 1988 1266 2060 prudentiam
1297 1990 1443 2057 suam,
1464 2008 1516 2043 et
1551 1993 1931 2059 declarauerant,
1971 2011 2117 2044 com-

365 2070 497 2121 mitti
520 2069 716 2121 solebat.
765 2069 965 2122 Horum
988 2085 1149 2119 autem
1172 2087 1225 2119 ea
1252 2055 1379 2120 aetas
1403 2070 1770 2135 desiderabatur,
1793 2089 1918 2138 quae
1940 2072 2121 2132 abeffet

365 2146 568 2214 quidem
591 2163 616 2195 a
639 2144 840 2195 iuuenili
863 2145 1042 2208 calore,
1065 2160 1115 2195 at
1143 2145 1405 2196 coniun&a
1432 2161 1595 2197 tamen
1618 2164 1734 2197 cum
1765 2148 1937 2216 vigore
1970 2144 2112 2198 virili.

363 2222 556 2290 Indieat
577 2221 702 2284 illam
726 2238 869 2288 quam
899 2221 1256 2279 accuratiffime.
1270 2240 1300 2271 c
1317 2240 1332 2271 1
1352 2240 1381 2272 c
1398 2239 1426 2271 E
1442 2240 1475 2272 R
1494 2241 1528 2273 o
1560 2223 1635 2274 his
1656 2225 1854 2275 ¹verbis:
1876 2222 1929 2289 ²)
1974 2218 2118 2293 Qyid

363 2293 566 2362 Macedo
589 2292 902 2356 Alexander?
939 2314 1044 2360 cum
1066 2292 1128 2349 ab
1148 2300 1346 2359 ineunte>
1369 2311 1534 2350 aetate
1553 2315 1635 2350 res
1661 2301 1907 2351 maximas
1926 2307 2112 2376 gerere

364 2370 591 2451 caepzſjet,
624 2386 770 2438 nonne
802 2375 1020 2436 tertio-et
1043 2372 1276 2443 tricesimo
1296 2392 1418 2429 anno
1447 2387 1646 2427 mortem
1674 2372 1794 2427 obiit
1806 2373 1848 2428 ,3-
1886 2393 2013 2448 quae
2043 2372 2114 2441 est

365 2446 701 2516 aetas-nostris
719 2443 903 2524 legibus
929 2445 1082 2502 decem
1104 2443 1245 2503 annis
1266 2452 1435 2516 minor,
1454 2468 1597 2527 quam
1616 2449 1889 2518 cotfielaris.
1968 2455 2106 2521 Ergo

365 2545 492 2599 aetas
517 2526 774 2580 consularis
800 2543 933 2578 anno
955 2528 1133 2578 XLIII.
1157 2526 1369 2579 definita.
1449 2528 1552 2580 Vbi
1579 2529 1804 2597 inprimis
1825 2530 1988 2581 notari
2017 2529 2110 2582 de-

363 2602 737 2680 bet‚‚suffeciss'e‚
751 2601 782 2653 fi
804 2603 914 2671 quis
936 2603 1059 2656 intra
1079 2619 1276 2668 annum,
1291 2621 1405 2671 quo·
1422 2620 1616 2673 gereret
1638 2602 1973 2671 Consulatum,
1992 2623 2106 2675 age-

363 2701 418 2738 re
435 2682 678 2752 inciperet
698 2697 880 2731 annum
903 2681 1106 2734 tertium
1128 2682 1242 2750 post
1264 2680 1695 2749 quadracefimum,
1718 2683 1877 2735 modo
1899 2701 2007 2736 non
2017 2702 2109 2752 pe-

1978 2774 2111 2814 teret

362 2875 388 2898 ·;
410 2851 467 2902 b)
491 2848 900 2900 confieonmnys
927 2848 996 2892 l.c.
1015 2847 1201 2904 μῆκός.
1321 2850 1369 2903 c)
1395 2861 1478 2894 mo
1499 2850 1567 2893 lib.
1584 2850 1670 2893 LII.
1699 2865 1732 2895 c.
1753 2865 1821 2897 οι.

358 2920 402 2951 et
419 2912 489 2964 69.
513 2919 554 2949 et
576 2916 856 2950 FAnmcxvs
875 2906 1200 2951 ada.(.'icer.XL.
1264 2929 1276 2937 -
1315 2907 1363 2962 a)
1394 2916 1577 2952 elcERo
1601 2907 1763 2965 Philipp.
1789 2910 1838 2954 V.
1860 2922 1896 2952 c.
1919 2918 1989 2966 17.
