2566 3951
353 384 449 463 *3²
607 387 698 446 in
735 402 967 444 ‘men
1044 395 1309 443 νιιιιιι
1375 400 1687 451 Annam
1740 400 1929 446 xre.

387 530 473 570 tus
498 512 584 566 sb1
610 511 815 580 iungere
835 508 990 564 filium
1011 508 1390 572 Vmorem,
1426 507 1751 578 infantulum,
1786 511 1903 581 qui,
1927 523 2047 583 quo
2049 510 2145 566 nii-

386 609 482 645 nus
505 589 631 662 ipse,
669 588 792 640 dum
814 587 963 640 ambo
998 599 1141 639 more
1173 586 1418 639 maiorum
1452 586 1786 642 Consulatum
1809 589 2021 656 inirent,
2036 587 2145 642 sella

388 669 655 722 veheretur
676 666 864 731 curuli,
895 665 1060 735 vagitu
1083 659 1170 716 suo
1191 663 1491 736 prohibuiss‘e
1523 665 1717 736 legitur
1744 662 1804 732 q)
1839 662 2021 725 Τπίω
2045 665 2144 721 fuit

387 748 585 801 illorum
615 759 904 817 temporum
936 741 1135 796 infinia!
1195 790 1200 793 .

1104 848 1158 928 §.
1237 825 1432 909 XVI-1.

1150 951 1389 1001 Peroratio.

544 1042 703 1094 Finita
730 1040 990 1109 igiturest,
1010 1041 1062 1091 ni
1080 1039 1251 1105 fallor,
1286 1041 1451 1091 nostra
1472 1025 1738 1104 tradiatior
1761 1057 1888 1108 quae
1909 1042 1945 1091 ό
1968 1034 2139 1109 primis

387 1119 499 1173 fere
518 1117 815 1187 reipublicae
836 1119 1086 1173 Romanae
1107 1116 1420 1186 temporibus
1448 1130 1558 1168 orta
1579 1131 1630 1168 et
1655 1115 1717 1168 ad
1740 1116 1994 1186 principes
2006 1134 2136 1185 -pro-

387 1197 552 1267 gressi,
563 1196 616 1248 in
643 1193 825 1246 infimis
847 1210 1005 1264 paene
1026 1191 1162 1246 desiit
1182 1191 1581 1264 [inperatoribus.
1625 1191 1821 1246 Vellem
1851 1209 1905 1246 et
1924 1192 2139 1247 absoluta

391 1273 510 1325 esset
531 1290 587 1323 ac
615 1270 861 1340 persensu,
896 1270 1039 1337 quod
1060 1270 1351 1339 ingenii‘est,
1390 1285 1538 1337 atque
1562 1268 1832 1334 dostrinae,
1869 1288 1895 1321 a
1918 1288 2011 1338 qua
2023 1287 2140 1322 cum
2225 1349 2236 1354 Α
2261 1319 2266 1321 ,

387 1368 485 1401 nos
507 1351 576 1399 ob
597 1362 806 1417 aetatem
838 1347 988 1415 longe
1010 1346 1259 1410 absumus,
1298 1347 1420 1396 ficut
1444 1346 1529 1397 illo
1550 1362 1722 1414 parum
1741 1347 1987 1411 instruffl,
2018 1373 2027 1375 >
2052 1364 2139 1398 ru-

391 1429 509 1478 dem
532 1426 669 1476 forte
691 1442 749 1474 ae
772 1418 1055 1490 impolitum
1080 1424 1216 1475 hunc
1236 1424 1450 1474 libellum
1479 1422 1736 1491 ptodiiss'e,
1775 1424 1887 1489 quis
1901 1425 2139 1487 miretur?

386 1506 575 1569 Neque
598 1518 719 1551 vero
744 1498 845 1550 hoc
865 1498 1036 1551 solum.
1114 1497 1334 1555 Acceffit
1353 1498 1508 1563 aliud,
1531 1497 1678 1550 -vnde
1705 1501 1898 1552 nostrae
1917 1500 2140 1570 (criptio-

387 1581 442 1630 ni
464 1577 798 1632 infortunium
822 1577 1143 1643 imminebat,
1191 1577 1649 1647 impedimentum.
1710 1580 1843 1628 Nam
1875 1596 1994 1630 cum
2017 1578 2140 1629 haec

389 1658 550 1725 opella
580 1655 641 1705 ad
667 1654 887 1704 medium
910 1654 1018 1704 fere
1051 1653 1169 1705 effet
1189 1654 1460 1723 ρετᾶιιᾶιι,
1497 1653 1693 1706 subito
1678 1673 1731 1704 m
1756 1656 2029 1706 morbum
2013 1656 2140 1706 mer'-

386 1734 579 1798 dimus,
617 1750 723 1782 non
755 1747 852 1781 tam
883 1748 1112 1798 grauem,
1153 1749 1302 1797 quam
1323 1729 1611 1795 molestum,
1668 1731 1755 1798 qui
1786 1751 1811 1783 a
1854 1721 2022 1784 labore
2041 1751 2136 1784 nos

383 1810 636 1880 paululum
665 1807 907 1858 auocauit.
980 1809 1221 1858 Attamen
1243 1826 1357 1859 cum
1379 1823 1576 1876 tempus
1597 1806 1800 1859 edendo
1822 1808 1939 1860 huic
1972 1809 2139 1862 libello

381 1887 646 1939 definitum
690 1883 1089 1953 appropinquare
1131 1884 1509 1953 intelligeremus
1531 1922 1547 1949 ‚
1620 1900 1929 1955 aegromntes
1975 1885 2138 1937 adhuc

382 1965 526 2034 (hoc
548 1962 681 2012 enim
706 1961 855 2012 nobis
878 1960 1077 2025 vitium,
1118 1976 1200 2026 vt,
1238 1960 1378 2028 quod
1402 1960 1547 2012 semel
1572 1961 1851 2030 cepimus,
1878 1962 2136 2016 confilium

382 2043 467 2095 vix
489 2038 801 2107 deseramus)
833 2036 1067 2104 reliquam
1098 2054 1289 2105 partem
1319 2036 1567 2090 absoluere
1589 2037 1747 2090 coaffl
1766 2037 1945 2091 sumus,
2022 2041 2134 2091 Vn-

381 2119 447 2171 de
467 2117 651 2169 fa&um
676 2115 772 2179 est,
813 2131 866 2165 vt
884 2130 935 2165 et
954 2114 1056 2184 ipse
1087 2114 1275 2166 libellus
1309 2115 1570 2169 morbosus
1601 2114 1831 2183 emiserit,
1870 2114 2136 2184 multisque

381 2196 548 2260 forte,
581 2207 637 2244 vt
659 2192 740 2254 fit,
781 2191 981 2243 maculis
1007 2191 1283 2244 deformis
1270 2208 1322 2242 m
1349 2192 1510 2244 lucem
1532 2192 1794 2261 prodierit.
1876 2192 2068 2263 Qod
2056 2211 2133 2263 lp-

381 2274 484 2328 sum
504 2285 669 2322 tamen
690 2284 797 2319 non
821 2268 976 2332 omni,
1016 2267 1197 2333 credo,
1238 2268 1549 2321 excusstione
1570 2268 1828 2338 indignum
1851 2271 1936 2324 est.
1983 2272 2131 2339 Nam,

385 2351 473 2423 qui
491 2363 599 2439 ιιοιι
624 2345 766 2438 aetati
787 2345 949 2396 nostra
927 2361 1006 2411 oe,
1048 2360 1185 2398 certe
1209 2346 1392 2435 morbo
1392 2345 1761 2435 indulgebunt.

438 2478 492 2535 q)
516 2485 806 2524 ammmnvs
837 2485 1096 2519 mancum..
1123 2473 1270 2531 Hister.
1290 2470 1364 2518 lib.
1385 2475 1509 2520 XXV.
